@book{aads_ref,
  author = {D. Krleža, M. Brčić},
  publisher = {Faculty of Electrical Engineering and Computing, Department of Applied Computing},
  title = {Advanced Algorithms and Data Structures},
  year = 2023,
  month = jan,
}

@article{patricia_ref,
  author =       {Donald R. Morrison},
  title =        {PATRICIA — Practical Algorithm To Retrieve Information Coded in Alphanumeric},
  year =         1968,
  month =        oct,
  volume =       15,
  number =       4,
  journal =      {Journal of the ACM (JACM)},
  pages =        {514-534},
  doi =          {10.1145/321479.321481}
}

@article{no_free_lunch_ref,
    author = {D. H. Wolpert, W. G. Macready},
    title = {No free lunch theorems for optimization},
    journal = {IEEE Transactions on Evolutionary Computation},
    year = 1997,
    month = apr,
    volume = 1,
    number = 1,
    pages = {67-82},
    doi = {10.1109/4235.585893}
}
